<record><leader>00000cas a2200000 a 4500</leader><controlfield tag="001">13379441</controlfield><controlfield tag="008">860402d18821912nbuwr ne      0    0eng d</controlfield><datafield ind1=" " ind2=" " tag="010"><subfield code="a">sn 86063453 </subfield></datafield><datafield ind1=" " ind2=" " tag="040"><subfield code="a">KSH</subfield><subfield code="b">eng</subfield><subfield code="c">KSH</subfield><subfield code="d">NPT</subfield><subfield code="d">NVG</subfield><subfield code="d">OCL</subfield><subfield code="d">OCLCQ</subfield><subfield code="d">OCLCF</subfield><subfield code="d">OCLCO</subfield></datafield><datafield ind1="1" ind2=" " tag="029"><subfield code="a">AU@</subfield><subfield code="b">000022168299</subfield></datafield><datafield ind1=" " ind2=" " tag="042"><subfield code="a">msc</subfield></datafield><datafield ind1=" " ind2=" " tag="043"><subfield code="a">n-us-nb</subfield></datafield><datafield ind1="0" ind2="4" tag="245"><subfield code="a">The Superior journal.</subfield></datafield><datafield ind1=" " ind2=" " tag="260"><subfield code="a">Superior, Nuckolls County, Neb. :</subfield><subfield code="b">J.D. Stine,</subfield><subfield code="c">-1912.</subfield></datafield><datafield ind1=" " ind2=" " tag="300"><subfield code="a">v. ;</subfield><subfield code="c">54-65 cm.</subfield></datafield><datafield ind1=" " ind2=" " tag="310"><subfield code="a">Weekly</subfield></datafield><datafield ind1="1" ind2=" " tag="362"><subfield code="a">Began in 1882.</subfield></datafield><datafield ind1="0" ind2=" " tag="362"><subfield code="a">-30th year, no. 18 (June 6, 1912).</subfield></datafield><datafield ind1=" " ind2=" " tag="580"><subfield code="a">Daily eds.: Daily journal (Superior, Neb.), 1888-1889; Superior daily journal, 1889-&lt;1902&gt;.</subfield></datafield><datafield ind1=" " ind2=" " tag="588"><subfield code="a">Description based on: [vol. 10], no. 24 (Mar. 9, 1892).</subfield></datafield><datafield ind1=" " ind2="0" tag="651"><subfield code="a">Superior (Neb.)</subfield><subfield code="v">Newspapers.</subfield></datafield><datafield ind1=" " ind2="7" tag="655"><subfield code="a">Newspapers.</subfield><subfield code="2">fast</subfield><subfield code="0">(OCoLC)fst01423814</subfield></datafield><datafield ind1=" " ind2="7" tag="651"><subfield code="a">Nebraska</subfield><subfield code="z">Superior.</subfield><subfield code="2">fast</subfield><subfield code="0">(OCoLC)fst01890198</subfield></datafield><datafield ind1=" " ind2=" " tag="752"><subfield code="a">United States</subfield><subfield code="b">Nebraska</subfield><subfield code="c">Nuckolls</subfield><subfield code="d">Superior.</subfield></datafield><datafield ind1="1" ind2=" " tag="775"><subfield code="t">Daily journal (Superior, Neb.)</subfield></datafield><datafield ind1="1" ind2=" " tag="775"><subfield code="t">Superior daily journal</subfield></datafield><datafield ind1="1" ind2=" " tag="776"><subfield code="c">Microfilm</subfield><subfield code="d">Nebraska State Historical Society</subfield><subfield code="w">(DLC)sn 95073594</subfield></datafield><datafield ind1="0" ind2="0" tag="785"><subfield code="t">Superior weekly journal</subfield></datafield></record>